<?xml version="1.0" encoding="UTF-8"?><collection xmlns="http://www.loc.gov/MARC21/slim"><record><leader>00500nam--2200133-i-4500</leader><controlfield tag="001">000010685</controlfield><controlfield tag="002">20161230</controlfield><controlfield tag="005">20161230201028</controlfield><controlfield tag="008">060222s1000------------r-----000-0-eng-d</controlfield><datafield ind1=" " ind2=" " tag="080"><subfield code="a">615.849:616-006</subfield></datafield><datafield ind1=" " ind2=" " tag="100"><subfield code="a">Calviac, Annick Nee Gibert</subfield></datafield><datafield ind1=" " ind2=" " tag="245"><subfield code="a">Le depistage radiologique du cancer pulmonaire au cours des examens de sante de la caisse pri maire centrale d assurance maladie de la regio n parisienne.l961-1970</subfield></datafield><datafield ind1=" " ind2=" " tag="260"><subfield code="a">Paris,Faculte De Medicine Saint-antoine Paris, 1972. 67 P</subfield></datafield><datafield ind1=" " ind2=" " tag="852"><subfield code="a">39014</subfield></datafield></record></collection>